@inproceedings{ref1,
   author = {Anthony H. Dekker   and Bernard D. Colbert},
  title =  {{Network Robustness and Graph Topology}},
  booktitle = {Proceedings of the 27th Australasian Conference on Computer Science - Volume 26},
  series = {ACSC '04},
  year = {2004},
  location = {Dunedin, New Zealand},
  pages = {359--368},
  numpages = {10},
  publisher = {Australian Computer Society, Inc.},
  address = {Darlinghurst, Australia, Australia},
} 

@book{ref2,
    author = {Junming Xu},
    pages = {352},
    publisher = {Springer-Verlag},
    series = {Network Theory and Applications},
    title = {{Topological structure and analysis of interconnection networks}},
    volume = {7},
    year = {2001},
}
   
@article{ref3,
 author={Omer Reingold and Salil Vadhan and Avi Wigderson},
 title={{Entropy waves, the zig-zag graph product, and new constant-degree expanders}},
 journal = {Annals of Mathematics},
 pages={157-187},
 volume = {155},
 number = {1},
 year={2002}
}